@online{Uncertainty_Principle,
  author = {Uncertainty principle},
  title = {Uncertainty principlen},
  year = 2016,
  url = {https://en.wikipedia.org/wiki/Uncertainty_principle},
  urldate = {2016-05-12}
}
